@book{garcia2024exploration,
  title={Exploration of Quantum Algorithms in the 21st Century},
  author={Garcia, Juan and Smith, Emily},
  year={2024},
  publisher={Quantum Press}
}

@article{martinez2023future,
  title={The Future of Renewable Energy in Urban Settings},
  author={Martinez, Alejandro and Wang, Li},
  journal={Journal of Sustainable Technologies},
  volume={15},
  number={3},
  pages={45--60},
  year={2023},
  publisher={Green Tech Publishers}
}

@inproceedings{rodriguez2022advances,
  title={Advances in Machine Learning for Climate Change Predictions},
  author={Rodriguez, Sofia and Lee, Kevin},
  booktitle={Proceedings of the 10th International Conference on AI for Environment},
  pages={101--110},
  year={2022},
  organization={AI for Climate}
}

@phdthesis{johnson2025impact,
  title={Impact of 3D Printing on Modern Manufacturing},
  author={Johnson, Laura},
  year={2025},
  school={University of Advanced Technology}
}

